%YAML 1.1
%TAG !u! tag:unity3d.com,2011:
--- !u!1 &1960237111074362
GameObject:
  m_ObjectHideFlags: 0
  m_CorrespondingSourceObject: {fileID: 0}
  m_PrefabInstance: {fileID: 0}
  m_PrefabAsset: {fileID: 0}
  serializedVersion: 6
  m_Component:
  - component: {fileID: 4000184222263584}
  - component: {fileID: 212151715960236202}
  - component: {fileID: 114547603885413164}
  - component: {fileID: 61351106738905866}
  - component: {fileID: 114893293999073132}
  m_Layer: 0
  m_Name: Group
  m_TagString: Untagged
  m_Icon: {fileID: 0}
  m_NavMeshLayer: 0
  m_StaticEditorFlags: 0
  m_IsActive: 1
--- !u!4 &4000184222263584
Transform:
  m_ObjectHideFlags: 0
  m_CorrespondingSourceObject: {fileID: 0}
  m_PrefabInstance: {fileID: 0}
  m_PrefabAsset: {fileID: 0}
  m_GameObject: {fileID: 1960237111074362}
  m_LocalRotation: {x: 0, y: 0, z: 0, w: 1}
  m_LocalPosition: {x: 47.117134, y: 50.082184, z: 0}
  m_LocalScale: {x: 2.5, y: 2.5, z: 1}
  m_Children: []
  m_Father: {fileID: 0}
  m_RootOrder: 0
  m_LocalEulerAnglesHint: {x: 0, y: 0, z: 0}
--- !u!212 &212151715960236202
SpriteRenderer:
  m_ObjectHideFlags: 0
  m_CorrespondingSourceObject: {fileID: 0}
  m_PrefabInstance: {fileID: 0}
  m_PrefabAsset: {fileID: 0}
  m_GameObject: {fileID: 1960237111074362}
  m_Enabled: 0
  m_CastShadows: 0
  m_ReceiveShadows: 0
  m_DynamicOccludee: 1
  m_MotionVectors: 1
  m_LightProbeUsage: 1
  m_ReflectionProbeUsage: 1
  m_RenderingLayerMask: 4294967295
  m_RendererPriority: 0
  m_Materials:
  - {fileID: 10754, guid: 0000000000000000f000000000000000, type: 0}
  m_StaticBatchInfo:
    firstSubMesh: 0
    subMeshCount: 0
  m_StaticBatchRoot: {fileID: 0}
  m_ProbeAnchor: {fileID: 0}
  m_LightProbeVolumeOverride: {fileID: 0}
  m_ScaleInLightmap: 1
  m_PreserveUVs: 0
  m_IgnoreNormalsForChartDetection: 0
  m_ImportantGI: 0
  m_StitchLightmapSeams: 0
  m_SelectedEditorRenderState: 0
  m_MinimumChartSize: 4
  m_AutoUVMaxDistance: 0.5
  m_AutoUVMaxAngle: 89
  m_LightmapParameters: {fileID: 0}
  m_SortingLayerID: 0
  m_SortingLayer: 0
  m_SortingOrder: 4
  m_Sprite: {fileID: 0}
  m_Color: {r: 1, g: 1, b: 1, a: 1}
  m_FlipX: 0
  m_FlipY: 0
  m_DrawMode: 0
  m_Size: {x: 0.32, y: 0.32}
  m_AdaptiveModeThreshold: 0.5
  m_SpriteTileMode: 0
  m_WasSpriteAssigned: 0
  m_MaskInteraction: 0
  m_SpriteSortPoint: 0
--- !u!114 &114547603885413164
MonoBehaviour:
  m_ObjectHideFlags: 0
  m_CorrespondingSourceObject: {fileID: 0}
  m_PrefabInstance: {fileID: 0}
  m_PrefabAsset: {fileID: 0}
  m_GameObject: {fileID: 1960237111074362}
  m_Enabled: 1
  m_EditorHideFlags: 0
  m_Script: {fileID: 11500000, guid: 0ad2c76bd40760c46be59063a77864c9, type: 3}
  m_Name: 
  m_EditorClassIdentifier: 
  validCharacters: 
  femaleFitSize: 0
  debugGenes: []
  fitEvents: []
  populationHistory: 
  numDataPoints: 0
  speed: 0
  size: 0
  warmth: 0
  fertility: 0
  colour: 0
  competitive: 0
  children: 0
  FOVRange: 0
  movesTemp: 0
  movesCurrent: 0
  numCreatures: 0
  origGene: 
  core: {fileID: 0}
  start: 0
  count: 0
  numberOfGenes: 0
  environment: {fileID: 0}
  dropPrefab: {fileID: 802028736580902938, guid: 8bc6ec7d807d27443aad183f20884675,
    type: 3}
  environmentScript: {fileID: 0}
  fitness: {fileID: 0}
  groupPrefab: {fileID: 1960237111074362}
  creatureCount: 0
  food: 0
  numberInSplit: 10000
  split: 0
  dead: 0
  generation: 0
  speedKeys: 
  colorKeys: 
  sizeKeys: 
  warmthKeys: 
  competitiveKeys: 
  fertilityKeys: 
  healthKeys: 
  childFail: 0
  reproductionFail: 0
  adultFail: 0
  chromosomePoolCount: 6
  chromosomeCount: 6
  dCount: 0
  sprite: {fileID: 0}
  bugCount: 0
  gSize: 0
  first: 0
  debugSize: 0
  basic: 1
  done: 0
  basicCreatures: 0
  x: 0
  y: 0
  spool: {fileID: 0}
  done1: 0
  done2: 0
  leftOrRight: 0
--- !u!61 &61351106738905866
BoxCollider2D:
  m_ObjectHideFlags: 0
  m_CorrespondingSourceObject: {fileID: 0}
  m_PrefabInstance: {fileID: 0}
  m_PrefabAsset: {fileID: 0}
  m_GameObject: {fileID: 1960237111074362}
  m_Enabled: 1
  m_Density: 1
  m_Material: {fileID: 0}
  m_IsTrigger: 1
  m_UsedByEffector: 0
  m_UsedByComposite: 0
  m_Offset: {x: 0, y: 0}
  m_SpriteTilingProperty:
    border: {x: 0, y: 0, z: 0, w: 0}
    pivot: {x: 0.5, y: 0.5}
    oldSize: {x: 0.32, y: 0.32}
    newSize: {x: 0.32, y: 0.32}
    adaptiveTilingThreshold: 0.5
    drawMode: 0
    adaptiveTiling: 0
  m_AutoTiling: 0
  serializedVersion: 2
  m_Size: {x: 0.3, y: 0.3}
  m_EdgeRadius: 0
--- !u!114 &114893293999073132
MonoBehaviour:
  m_ObjectHideFlags: 0
  m_CorrespondingSourceObject: {fileID: 0}
  m_PrefabInstance: {fileID: 0}
  m_PrefabAsset: {fileID: 0}
  m_GameObject: {fileID: 1960237111074362}
  m_Enabled: 1
  m_EditorHideFlags: 0
  m_Script: {fileID: 11500000, guid: 6626b642f719f33439c31bbaf16cd838, type: 3}
  m_Name: 
  m_EditorClassIdentifier: 
  guiScript: {fileID: 0}
